<?xml version="1.0" encoding="UTF-8"?><collection xmlns="http://www.loc.gov/MARC21/slim"><record><leader>00453nam--2200169-i-4500</leader><controlfield tag="001">000008051</controlfield><controlfield tag="002">20161230</controlfield><controlfield tag="005">20170208144951</controlfield><controlfield tag="008">060222s1000------------r-----000-0-eng-d</controlfield><datafield ind1=" " ind2=" " tag="100"><subfield code="a">Cohu, Merry</subfield></datafield><datafield ind1=" " ind2=" " tag="245"><subfield code="a">Lampes a incandescence et lampes a decharge</subfield></datafield><datafield ind1=" " ind2=" " tag="260"><subfield code="a">Paris</subfield><subfield code="b">Gauthier-Villars</subfield><subfield code="c">1941</subfield></datafield><datafield ind1=" " ind2=" " tag="300"><subfield code="a">90 p</subfield></datafield><datafield ind1=" " ind2=" " tag="490"><subfield code="a">Memorial Des Sciences Physiques</subfield></datafield><datafield ind1=" " ind2=" " tag="700"><subfield code="a">Darmois, Eugene</subfield></datafield><datafield ind1=" " ind2=" " tag="852"><subfield code="a">530.145.61:535</subfield></datafield><datafield ind1=" " ind2=" " tag="CAT"><subfield code="a">SYS</subfield><subfield code="c">20170208</subfield><subfield code="h">144951</subfield></datafield></record></collection>